<?xml version="1.0" encoding="UTF-8"?><collection xmlns="http://www.loc.gov/MARC21/slim"><record><leader>00306nam--2200121-i-4500</leader><controlfield tag="001">000021702</controlfield><controlfield tag="002">20161230</controlfield><controlfield tag="005">20161230201034</controlfield><controlfield tag="008">060222s1000------------r-----000-0-eng-d</controlfield><datafield ind1=" " ind2=" " tag="080"><subfield code="a">017</subfield></datafield><datafield ind1=" " ind2=" " tag="245"><subfield code="a">Index bibliografic de carti</subfield></datafield><datafield ind1=" " ind2=" " tag="260"><subfield code="a">Bucuresti, Centrul De Documentare Al Ipc., 1959. 487p</subfield></datafield><datafield ind1=" " ind2=" " tag="852"><subfield code="a">D.1020</subfield></datafield></record></collection>